<?xml version="1.0" encoding="UTF-8"?><record xmlns="http://www.loc.gov/MARC21/slim" xmlns:cinclude="http://apache.org/cocoon/include/1.0" xmlns:zs="http://www.loc.gov/zing/srw/">
  <leader>00422nz  a2200121n  4500</leader>
  <controlfield tag="001">n 2006205615</controlfield>
  <controlfield tag="003">DLC</controlfield>
  <controlfield tag="005">20060409232556.0</controlfield>
  <controlfield tag="008">060409n| acannaabn          |n aaa      </controlfield>
  <datafield tag="010" ind1=" " ind2=" ">
    <subfield code="a">n 2006205615</subfield>
  </datafield>
  <datafield tag="040" ind1=" " ind2=" ">
    <subfield code="a">DLC</subfield>
    <subfield code="b">eng</subfield>
    <subfield code="c">DLC</subfield>
  </datafield>
  <datafield tag="100" ind1="1" ind2=" ">
    <subfield code="a">Mhaiskar, V. B.,</subfield>
    <subfield code="d">1929-</subfield>
  </datafield>
  <datafield tag="670" ind1=" " ind2=" ">
    <subfield code="a">Pālakāpya. Maharṣi Pālakāpya's Gajaśāstram, 2006:</subfield>
    <subfield code="b">t.p. (Vaidya Prof. V.B. Mhaiskar; retd. prin., Govt. Ayurvedic Coll., Baroda) jkt. (b. 1929)</subfield>
  </datafield>
</record>